<?xml version="1.0" encoding="UTF-8"?><collection xmlns="http://www.loc.gov/MARC21/slim"><record><leader>00591nam--2200205-i-4500</leader><controlfield tag="001">000024329</controlfield><controlfield tag="002">20161230</controlfield><controlfield tag="005">20161230201035</controlfield><controlfield tag="008">060222s1000------------r-----000-0-eng-d</controlfield><datafield ind1=" " ind2=" " tag="020"><subfield code="a">0134927028</subfield></datafield><datafield ind1=" " ind2=" " tag="040"><subfield code="a">IFIN-HH</subfield></datafield><datafield ind1=" " ind2=" " tag="080"><subfield code="a">53:621.38:539.2:537.311.33](075.8)</subfield></datafield><datafield ind1="1" ind2=" " tag="100"><subfield code="a">Uman, Myron F</subfield></datafield><datafield ind1="1" ind2="0" tag="245"><subfield code="a">Introduction to the physics of electronics</subfield><subfield code="c">Myron f. uman</subfield></datafield><datafield ind1=" " ind2=" " tag="260"><subfield code="a">Englewood Cliffs, N.J</subfield><subfield code="b">Prentice-hall, Inc</subfield><subfield code="c">1974</subfield></datafield><datafield ind1=" " ind2=" " tag="300"><subfield code="a">416P</subfield></datafield><datafield ind1=" " ind2=" " tag="490"><subfield code="a">Solid State Physical Electronics Series</subfield></datafield><datafield ind1=" " ind2=" " tag="650"><subfield code="a">Solids</subfield></datafield><datafield ind1=" " ind2=" " tag="852"><subfield code="a">43194</subfield><subfield code="c">537.311.33</subfield></datafield><datafield ind1=" " ind2=" " tag="CAT"><subfield code="a">Sys</subfield><subfield code="c">20110722</subfield><subfield code="h">150019</subfield></datafield></record></collection>